<record><leader>00000cas a2200000 a 4500</leader><controlfield tag="001">680350786</controlfield><controlfield tag="008">101110d1914192uoruwr ne      0    0eng c</controlfield><datafield ind1=" " ind2=" " tag="010"><subfield code="a">  2010260203</subfield></datafield><datafield ind1=" " ind2=" " tag="040"><subfield code="a">ORU</subfield><subfield code="b">eng</subfield><subfield code="c">ORU</subfield><subfield code="d">ORU</subfield><subfield code="d">OCLCF</subfield><subfield code="d">OCLCO</subfield></datafield><datafield ind1=" " ind2=" " tag="042"><subfield code="a">pcc</subfield></datafield><datafield ind1=" " ind2=" " tag="043"><subfield code="a">n-us-or</subfield></datafield><datafield ind1="0" ind2=" " tag="130"><subfield code="a">Weekly tribune (Pendleton, Or.)</subfield></datafield><datafield ind1="1" ind2="0" tag="245"><subfield code="a">Weekly tribune.</subfield></datafield><datafield ind1=" " ind2=" " tag="260"><subfield code="a">Pendleton, Or. :</subfield><subfield code="b">The Tribune Company,</subfield><subfield code="c">[1914]-</subfield></datafield><datafield ind1=" " ind2=" " tag="300"><subfield code="a">v.</subfield></datafield><datafield ind1=" " ind2=" " tag="310"><subfield code="a">Weekly</subfield></datafield><datafield ind1="1" ind2=" " tag="362"><subfield code="a">Began with vol. 35, no. 1 (Apr. 3, 1914).</subfield></datafield><datafield ind1=" " ind2=" " tag="515"><subfield code="a">Frequent irregularities in numbering.</subfield></datafield><datafield ind1=" " ind2=" " tag="588"><subfield code="a">Description based on: Vol. 35, no. 1 (Apr. 3, 1914); title from masthead.</subfield></datafield><datafield ind1=" " ind2=" " tag="588"><subfield code="a">Latest issue consulted: Vol. 44, no. 32 (July 19, 1920).</subfield></datafield><datafield ind1=" " ind2="0" tag="651"><subfield code="a">Pendleton (Or.)</subfield><subfield code="v">Newspapers.</subfield></datafield><datafield ind1=" " ind2="7" tag="655"><subfield code="a">Newspapers.</subfield><subfield code="2">fast</subfield><subfield code="0">(OCoLC)fst01423814</subfield></datafield><datafield ind1=" " ind2="7" tag="651"><subfield code="a">Oregon</subfield><subfield code="z">Pendleton.</subfield><subfield code="2">fast</subfield><subfield code="0">(OCoLC)fst01217685</subfield></datafield><datafield ind1=" " ind2=" " tag="752"><subfield code="a">United States</subfield><subfield code="b">Oregon</subfield><subfield code="c">Umatilla</subfield><subfield code="d">Pendleton.</subfield></datafield><datafield ind1="0" ind2=" " tag="775"><subfield code="t">Evening tribune (Pendleton, Or.)</subfield><subfield code="d">1914-1918</subfield><subfield code="w">(DLC)sn 93063610</subfield><subfield code="w">(OCoLC)28173488</subfield></datafield><datafield ind1="0" ind2=" " tag="775"><subfield code="t">Pendleton tribune (1918)</subfield><subfield code="d">1918-</subfield><subfield code="w">(DLC)  2010260202</subfield><subfield code="w">(OCoLC)680336622</subfield></datafield><datafield ind1="0" ind2="0" tag="780"><subfield code="t">Live wire (Pendleton, Or.)</subfield><subfield code="w">(DLC)  2010260149</subfield><subfield code="w">(OCoLC)680105042</subfield></datafield></record>